@INPROCEEDINGS{9695654,
  author={Wang, Yishu and Yan, Guanghui and Li, Zhe and Lv, Ye},
  booktitle={2021 3rd International Academic Exchange Conference on Science and Technology Innovation (IAECST)}, 
  title={Research on Influence Maximization of Citation Network from the Perspective of Meme}, 
  year={2021},
  volume={},
  number={},
  pages={509-512},
  doi={10.1109/IAECST54258.2021.9695654}}
@INPROCEEDINGS{9188557,
  author={Chen, Hao and Xiong, Weiqing and Xiong, Peichen and Zhao, Jiaying},
  booktitle={2020 39th Chinese Control Conference (CCC)}, 
  title={Study on Inter-temporal Pricing to Suppress Negative Network Externalities of Merchants in Two-Sided Markets}, 
  year={2020},
  volume={},
  number={},
  pages={6668-6673},
  doi={10.23919/CCC50068.2020.9188557}}
@INPROCEEDINGS{9045797,
  author={Guo, Yuning and Cao, Jianxiang and Lin, Weiguo},
  booktitle={2019 6th International Conference on Dependable Systems and Their Applications (DSA)}, 
  title={Social Network Influence Analysis}, 
  year={2020},
  volume={},
  number={},
  pages={517-518},
  doi={10.1109/DSA.2019.00093}}
@INPROCEEDINGS{10000698,
  author={Dinh, Thang and Nguyen, An and Nguyen, Uyen and Nguyen, Giang},
  booktitle={GLOBECOM 2022 - 2022 IEEE Global Communications Conference}, 
  title={Quantum Social Computing Approaches for Influence Maximization}, 
  year={2022},
  volume={},
  number={},
  pages={5832-5837},
  doi={10.1109/GLOBECOM48099.2022.10000698}}
@INPROCEEDINGS{9668587,
  author={Bhattacharyya, Deboleena and Shankar G, Khavin and Aaranan, P and Raja, K and Alturki, Amira and Sathiyanarayanan, Mithileysh},
  booktitle={2021 4th International Symposium on Advanced Electrical and Communication Technologies (ISAECT)}, 
  title={Predicting Nodes for Effectively Spreading Vaccine Awareness: An Influence Maximization Approach}, 
  year={2021},
  volume={},
  number={},
  pages={1-6},
  doi={10.1109/ISAECT53699.2021.9668587}}
@INPROCEEDINGS{10035644,
  author={Kandhway, Kundan},
  booktitle={2023 17th International Conference on Ubiquitous Information Management and Communication (IMCOM)}, 
  title={Multi-Objective Information Maximization in a Social Network}, 
  year={2023},
  volume={},
  number={},
  pages={1-4},
  doi={10.1109/IMCOM56909.2023.10035644}}
@INPROCEEDINGS{10053447,
  author={Mishra, Shambhavi and Dwivedi, Rajendra Kumar},
  booktitle={2023 International Conference on Intelligent Data Communication Technologies and Internet of Things (IDCIoT)}, 
  title={Leveraging Deep Learning to Spot Communities for Influence Maximization in Social Networks}, 
  year={2023},
  volume={},
  number={},
  pages={377-382},
  doi={10.1109/IDCIoT56793.2023.10053447}}
@ARTICLE{8681423,
  author={Talukder, Ashis and Alam, Md. Golam Rabiul and Tran, Nguyen H. and Niyato, Dusit and Hong, Choong Seon},
  journal={IEEE Access}, 
  title={Knapsack-Based Reverse Influence Maximization for Target Marketing in Social Networks}, 
  year={2019},
  volume={7},
  number={},
  pages={44182-44198},
  doi={10.1109/ACCESS.2019.2908412}}
@ARTICLE{9744500,
  author={Zhang, Xinxin and Xu, Li and Xu, Zhenyu},
  journal={IEEE Transactions on Network Science and Engineering}, 
  title={Influence Maximization Based on Network Motifs in Mobile Social Networks}, 
  year={2022},
  volume={9},
  number={4},
  pages={2353-2363},
  doi={10.1109/TNSE.2022.3163203}}
@INPROCEEDINGS{10072595,
  author={Mittal, Amit and Arora, Meenal and Rana, Ajay},
  booktitle={2022 5th International Conference on Contemporary Computing and Informatics (IC3I)}, 
  title={Imep: Influence Maximization on Social Media with the Impact of E-Commerce Products}, 
  year={2022},
  volume={},
  number={},
  pages={1789-1793},
  doi={10.1109/IC3I56241.2022.10072595}}
@INPROCEEDINGS{8855546,
  author={Wang, Chengcheng and Ma, Xingjian and Jiang, Wenwen and Zhao, Liang and Lin, Na and Shi, Junling},
  booktitle={2019 IEEE 21st International Conference on High Performance Computing and Communications; IEEE 17th International Conference on Smart City; IEEE 5th International Conference on Data Science and Systems (HPCC/SmartCity/DSS)}, 
  title={IMCR: Influence Maximisation-Based Cluster Routing Algorithm for SDVN}, 
  year={2019},
  volume={},
  number={},
  pages={2580-2586},
  doi={10.1109/HPCC/SmartCity/DSS.2019.00361}}
@ARTICLE{9169627,
  author={Michalski, Radosław and Jankowski, Jarosław and Bródka, Piotr},
  journal={IEEE Access}, 
  title={Effective Influence Spreading in Temporal Networks With Sequential Seeding}, 
  year={2020},
  volume={8},
  number={},
  pages={151208-151218},
  doi={10.1109/ACCESS.2020.3016913}}
@INPROCEEDINGS{9929315,
  author={Bayiz, Yigit E. and Topcu, Ufuk},
  booktitle={2022 58th Annual Allerton Conference on Communication, Control, and Computing (Allerton)}, 
  title={Decentralized Online Influence Maximization}, 
  year={2022},
  volume={},
  number={},
  pages={1-8},
  doi={10.1109/Allerton49937.2022.9929315}}
@INPROCEEDINGS{9721514,
  author={Aghaee, Zahra and Fatemi, Afsaneh},
  booktitle={2021 11th International Conference on Computer Engineering and Knowledge (ICCKE)}, 
  title={An influence maximization algorithm based on community detection using topological features}, 
  year={2021},
  volume={},
  number={},
  pages={128-133},
  doi={10.1109/ICCKE54056.2021.9721514}}
@ARTICLE{8727988,
  author={Deng, Xiaoheng and Long, Fang and Li, Bo and Cao, Dejuan and Pan, Yan},
  journal={IEEE Transactions on Network Science and Engineering}, 
  title={An Influence Model Based on Heterogeneous Online Social Network for Influence Maximization}, 
  year={2020},
  volume={7},
  number={2},
  pages={737-749},
  doi={10.1109/TNSE.2019.2920371}}

